@article{1999ChatCircles,
    title = {{Chat circles}},
    year = {1999},
    journal = {Proceedings of the SIGCHI conference on},
    number = {May},
    url = {http://dl.acm.org/citation.cfm?id=302981},
    isbn = {0201485591},
    keywords = {computer network, for instance, inter-, internet relay chat, irc, is one of the, synchronous communication over a, that allow for, there are currently a, wide variety of tools}
}

@article{Julio2005IdentidadeComputador,
    title = {{Identidade e interac{\c{c}}{\~{a}}o social em comunica{\c{c}}{\~{a}}o mediada por computador}},
    year = {2005},
    journal = {Universidade Nova de Lisboa},
    author = {J{\'{u}}lio, Bruno Gonçalo De Oliveira},
    pages = {18},
    url = {http://www.bocc.ubi.pt/pag/julio-bruno-identidade-interaccao-social.pdf},
    isbn = {0-470-39679-2}
}

@misc{NoTitle,
    title = {{No Title}},
    url = {https://www.brainyquote.com/quotes/peter_drucker_142500?src=t_communication}
}

@book{Weil1986ONao-verbal,
    title = {{O corpo fala: a linguagem silenciosa da comunica{\c{c}}{\~{a}}o n{\~{a}}o-verbal}},
    year = {1986},
    author = {Weil, Pierre and Tompakow, Roland},
    pages = {292},
    isbn = {85.326.0208-8},
    doi = {10.1017/S0373463304002863},
    keywords = {Comunica{\c{c}}{\~{a}}o, Express{\~{a}}o corporal (psicologia)}
}

@article{Oeiras2000UmaInterFACES,
    title = {{Uma modalidade de comunica{\c{c}}{\~{a}}o mediada por computador e suas v{\'{a}}rias interFACES}},
    year = {2000},
    journal = {Anais do III Workshop },
    author = {Oeiras, Janne Yukiko Yoshikawa and Rocha, Heloísa Vieira Da},
    pages = {10},
    url = {http://hera.nied.unicamp.br/artigos/joeiras_ihc2000.pdf}
}